@manual{MRFEVENTSYSTEMDC,
       author = {Technical Reference, MRF },
       title   = {Event System with Delay Compensation Technical Reference Firmware 0207},
       year    = {9 February 2017}
}

@manual{empcieeevr300dc,
       author = {Javier Cereijo Garcia and Jeong Han Lee},
       title   = {ESS-0064948: ICS Engineering Manual for MRF PCIe-EVR-300},
       year = {2020}
}

@manual{emmtcaevr300,
       author = {Javier Cereijo Garcia},
       title   = {ESS-0508480: ICS Engineering Manual for MRF MTCA-EVR-300},
       year = {2020}
}

@manual{emmtcaevm300,
       author = {Javier Cereijo Garcia},
       title   = {ESS-0331569: ICS Engineering Manual for MRF MTCA-EVM-300},
       year = {2020}
}

@manual{EVRUSAGEGUIDE,
       author = {Michael Davidsaver},
       title   = {EVR Usage Guide},
       year    = {August 2017, Rev. 8}
}

@manual{MRFKERNELDRIVER,
       author = {Jukka Pietarinen},
       title   = {CompactPCI Event Generator and Event Receiver Linux Kernel 2.6 Drivers},
       year    = {13 March 2007}
}
