
@misc{MRFIOC2,
title={{ESS MRFIOC2 source repository}},
year={2020},
note={\\\url{https://github.com/icshwi/mrfioc2} (accessed 27 January 2020)}
}

@manual{MRFEVENTSYSTEMDC,
author = {Technical Reference, MRF },
title   = {Event System with Delay Compensation Technical Reference Firmware 0207},
year    = {9 February 2017}
}

@manual{EVR-USER-GUIDE,
author = {Michael Davidsaver},
title   = {EVR Usage Guide},
year    = {August 2017, Rev. 8}
}
