
@misc{MRFIOC2,
title={{ESS MRFIOC2 source repository}},
year={2020},
note={\\\url{https://github.com/icshwi/mrfioc2} (accessed 28th January 2020)}
}

@manual{MRFEVENTGENERATOR,
       author = {Jukka Pietarinen, MRF },
       title   = {Event System with Delay Compensation Technical Reference},
       year    = {27 November 2019}
}

@manual{EVR-USER-GUIDE,
       author = {Michael Davidsaver},
       title   = {EVR User Guide},
       year    = {August, 2017},
       url       = "http://epics.sourceforge.net/mrfioc2/evr-usage.pdf"
}
