@manual{MRFEVENTSYSTEMDC,
       author = {Technical Reference, MRF },
       title   = {Event System with Delay Compensation Technical Reference Firmware 0205},
       year    = {April 26, 2016}
}

@misc{NATMCHWEBINTERFACE,
title={{NAT-MCH-PHYS Technical HowTos}},
note={\url{https://confluence.esss.lu.se/display/HAR/NAT-MCH-PHYS+Technical+HowToS#NAT-MCH-PHYSTechnicalHowToS-WebInterface} (accessed 4 february 2020)},
year={2020}
}

@misc{EVRMANUAL,
author = {Javier Cereijo Garcia and Jeong Han Lee},
title={{ESS-0508480: ICS Engineering Manual for MRF MTCA-EVR-300}},
year={2020}
}
